<collection xmlns="http://www.loc.gov/MARC21/slim">
<record>
  <leader>00404na 0a22001211i 450 </leader>
  <controlfield tag="001">IT\ICCU\CNCE\048941</controlfield>
  <controlfield tag="005">19990928000000.0</controlfield>
  <datafield tag="100" ind1=" " ind2=" ">
    <subfield code="a">19990927             0itac0103    ba</subfield>
  </datafield>
  <datafield tag="101" ind1=" " ind2=" ">
    <subfield code="a">LAT</subfield>
  </datafield>
  <datafield tag="200" ind1="1" ind2=" ">
    <subfield code="a">Index materierum ... Per Ptolemaeum Veltronium</subfield>
  </datafield>
  <datafield tag="700" ind1=" " ind2="1">
    <subfield code="a">Veltronius,</subfield>
    <subfield code="b">Ptolemaeus</subfield>
    <subfield code="3">IT\ICCU\CNCA\002259</subfield>
  </datafield>
  <datafield tag="790" ind1=" " ind2="1">
    <subfield code="a">Veltronius,</subfield>
    <subfield code="b">Ptolomaeus</subfield>
    <subfield code="3">IT\ICCU\CNCA\024763</subfield>
    <subfield code="z">Veltronius, Ptolemaeus</subfield>
  </datafield>
  <datafield tag="801" ind1=" " ind2="3">
    <subfield code="a">IT</subfield>
    <subfield code="b">ICCU</subfield>
    <subfield code="c">20201115</subfield>
  </datafield>
</record>
</collection>
